<?xml version="1.0" encoding="UTF-8"?>
  <record xmlns="http://www.loc.gov/MARC21/slim" type="Authority">
    <leader>00000nz  a2200000nc 4500</leader>
    <controlfield tag="001">121164721</controlfield>
    <controlfield tag="003">DE-101</controlfield>
    <controlfield tag="005">20160624094323.0</controlfield>
    <controlfield tag="008">990616n||aznnnaabn           | aaa    |c</controlfield>
    <datafield tag="024" ind1="7" ind2=" ">
      <subfield code="a">121164721</subfield>
      <subfield code="0">http://d-nb.info/gnd/121164721</subfield>
      <subfield code="2">gnd</subfield>
    </datafield>
    <datafield tag="035" ind1=" " ind2=" ">
      <subfield code="a">(DE-101)121164721</subfield>
    </datafield>
    <datafield tag="035" ind1=" " ind2=" ">
      <subfield code="a">(DE-588)121164721</subfield>
    </datafield>
    <datafield tag="035" ind1=" " ind2=" ">
      <subfield code="z">(DE-588)173286216</subfield>
    </datafield>
    <datafield tag="035" ind1=" " ind2=" ">
      <subfield code="z">(DE-588a)173286216</subfield>
      <subfield code="9">v:zg</subfield>
    </datafield>
    <datafield tag="035" ind1=" " ind2=" ">
      <subfield code="z">(DE-588a)121164721</subfield>
      <subfield code="9">v:zg</subfield>
    </datafield>
    <datafield tag="040" ind1=" " ind2=" ">
      <subfield code="a">DE-12</subfield>
      <subfield code="c">DE-12</subfield>
      <subfield code="9">r:DE-12</subfield>
      <subfield code="b">ger</subfield>
      <subfield code="d">1728</subfield>
    </datafield>
    <datafield tag="042" ind1=" " ind2=" ">
      <subfield code="a">gnd1</subfield>
    </datafield>
    <datafield tag="075" ind1=" " ind2=" ">
      <subfield code="b">p</subfield>
      <subfield code="2">gndgen</subfield>
    </datafield>
    <datafield tag="075" ind1=" " ind2=" ">
      <subfield code="b">pik</subfield>
      <subfield code="2">gndspec</subfield>
    </datafield>
    <datafield tag="079" ind1=" " ind2=" ">
      <subfield code="a">g</subfield>
      <subfield code="q">a</subfield>
      <subfield code="q">f</subfield>
      <subfield code="q">h</subfield>
      <subfield code="q">l</subfield>
      <subfield code="u">h</subfield>
    </datafield>
    <datafield tag="100" ind1="0" ind2=" ">
      <subfield code="a">Moritz Heinrich</subfield>
      <subfield code="c">Nassau-Hadamar, Fürst</subfield>
      <subfield code="d">1626-1679</subfield>
    </datafield>
    <datafield tag="375" ind1=" " ind2=" ">
      <subfield code="a">1</subfield>
      <subfield code="2">iso5218</subfield>
    </datafield>
    <datafield tag="400" ind1="0" ind2=" ">
      <subfield code="a">Mauritius Henricus</subfield>
      <subfield code="c">Nassau-Hadamar, Princeps</subfield>
      <subfield code="d">1626-1679</subfield>
    </datafield>
    <datafield tag="400" ind1="0" ind2=" ">
      <subfield code="a">Moritz Heinrich</subfield>
      <subfield code="c">Nassau-Hadamar, Demarchus</subfield>
      <subfield code="d">1626-1679</subfield>
    </datafield>
    <datafield tag="400" ind1="1" ind2=" ">
      <subfield code="a">Catzenelenbogen, Mauritius Henricus &#152;in&#156;</subfield>
      <subfield code="d">1626-1679</subfield>
    </datafield>
    <datafield tag="400" ind1="0" ind2=" ">
      <subfield code="a">Mauritius Henricus</subfield>
      <subfield code="c">Nassau-Hadamar, Fürst</subfield>
      <subfield code="d">1626-1679</subfield>
    </datafield>
    <datafield tag="400" ind1="0" ind2=" ">
      <subfield code="a">Moritz Heinrich</subfield>
      <subfield code="c">in Beilstein</subfield>
      <subfield code="d">1626-1679</subfield>
    </datafield>
    <datafield tag="400" ind1="1" ind2=" ">
      <subfield code="a">Beilstein, Moritz Heinrich &#152;in&#156;</subfield>
      <subfield code="d">1626-1679</subfield>
    </datafield>
    <datafield tag="400" ind1="0" ind2=" ">
      <subfield code="a">Moritz Heinrich</subfield>
      <subfield code="c">Dietz, Comes</subfield>
      <subfield code="d">1626-1679</subfield>
    </datafield>
    <datafield tag="400" ind1="0" ind2=" ">
      <subfield code="a">Moritz Heinrich</subfield>
      <subfield code="c">Vianden, Comes</subfield>
      <subfield code="d">1626-1679</subfield>
    </datafield>
    <datafield tag="400" ind1="0" ind2=" ">
      <subfield code="a">Moritz Heinrich</subfield>
      <subfield code="c">Catzenelenbogen, Comes</subfield>
      <subfield code="d">1626-1679</subfield>
    </datafield>
    <datafield tag="400" ind1="1" ind2=" ">
      <subfield code="a">Beilstein, Mauritius Henricus &#152;in&#156;</subfield>
      <subfield code="d">1626-1679</subfield>
    </datafield>
    <datafield tag="400" ind1="0" ind2=" ">
      <subfield code="a">Mauritius Henricus</subfield>
      <subfield code="c">in Beilstein</subfield>
      <subfield code="d">1626-1679</subfield>
    </datafield>
    <datafield tag="400" ind1="0" ind2=" ">
      <subfield code="a">Mauritius Henricus</subfield>
      <subfield code="c">Dietz, Comes</subfield>
      <subfield code="d">1626-1679</subfield>
    </datafield>
    <datafield tag="400" ind1="0" ind2=" ">
      <subfield code="a">Mauritius Henricus</subfield>
      <subfield code="c">Vianden, Comes</subfield>
      <subfield code="d">1626-1679</subfield>
    </datafield>
    <datafield tag="400" ind1="1" ind2=" ">
      <subfield code="a">Catzenelenbogen, Moritz Heinrich &#152;in&#156;</subfield>
      <subfield code="d">1626-1679</subfield>
    </datafield>
    <datafield tag="400" ind1="0" ind2=" ">
      <subfield code="a">Mauritius Henricus</subfield>
      <subfield code="c">Imperium Romanum, Princeps</subfield>
      <subfield code="d">1626-1679</subfield>
    </datafield>
    <datafield tag="400" ind1="1" ind2=" ">
      <subfield code="a">Vianden, Mauritius Henricus &#152;in&#156;</subfield>
      <subfield code="d">1626-1679</subfield>
    </datafield>
    <datafield tag="400" ind1="1" ind2=" ">
      <subfield code="a">Vianden, Moritz Heinrich &#152;in&#156;</subfield>
      <subfield code="d">1626-1679</subfield>
    </datafield>
    <datafield tag="400" ind1="1" ind2=" ">
      <subfield code="a">Dietz, Moritz Heinrich &#152;in&#156;</subfield>
      <subfield code="d">1626-1679</subfield>
    </datafield>
    <datafield tag="400" ind1="0" ind2=" ">
      <subfield code="a">Moritz Heinrich</subfield>
      <subfield code="c">Imperium Romanum, Princeps</subfield>
      <subfield code="d">1626-1679</subfield>
    </datafield>
    <datafield tag="400" ind1="1" ind2=" ">
      <subfield code="a">Dillenburg, Moritz Heinrich von Nassau-</subfield>
      <subfield code="d">1626-1679</subfield>
    </datafield>
    <datafield tag="400" ind1="0" ind2=" ">
      <subfield code="a">Mauritius Henricus</subfield>
      <subfield code="c">Catzenelenbogen, Comes</subfield>
      <subfield code="d">1626-1679</subfield>
    </datafield>
    <datafield tag="400" ind1="1" ind2=" ">
      <subfield code="a">Nassau-Dillenburg, Moritz Heinrich &#152;von&#156;</subfield>
      <subfield code="d">1626-1679</subfield>
    </datafield>
    <datafield tag="400" ind1="1" ind2=" ">
      <subfield code="a">Dietz, Mauritius Henricus &#152;in&#156;</subfield>
      <subfield code="d">1626-1679</subfield>
    </datafield>
    <datafield tag="400" ind1="0" ind2=" ">
      <subfield code="a">Mauritius Henricus</subfield>
      <subfield code="c">Nassau-Hadamar, Demarchus</subfield>
      <subfield code="d">1626-1679</subfield>
    </datafield>
    <datafield tag="400" ind1="1" ind2=" ">
      <subfield code="a">Nassau-Hadamar, Moritz Heinrich &#152;von&#156;</subfield>
      <subfield code="d">1626-1679</subfield>
    </datafield>
    <datafield tag="400" ind1="1" ind2=" ">
      <subfield code="a">Nassau, Mauritius Henricus &#152;à&#156;</subfield>
      <subfield code="d">1626-1679</subfield>
    </datafield>
    <datafield tag="400" ind1="1" ind2=" ">
      <subfield code="a">Nassau, Moritz Heinrich &#152;von&#156;</subfield>
      <subfield code="d">1626-1679</subfield>
    </datafield>
    <datafield tag="400" ind1="1" ind2=" ">
      <subfield code="a">Hadamar, Moritz Heinrich von Nassau</subfield>
      <subfield code="d">1626-1679</subfield>
    </datafield>
    <datafield tag="400" ind1="0" ind2=" ">
      <subfield code="a">Moritz Heinrich</subfield>
      <subfield code="c">Nassau-Hadamar, Graf</subfield>
      <subfield code="d">1626-1679</subfield>
    </datafield>
    <datafield tag="400" ind1="1" ind2=" ">
      <subfield code="a">Nassovia, Mauritius Henricus</subfield>
      <subfield code="d">1626-1679</subfield>
    </datafield>
    <datafield tag="400" ind1="1" ind2=" ">
      <subfield code="a">Nassau-Hadamar, Moritz Heinrich</subfield>
      <subfield code="c">Fürst von</subfield>
      <subfield code="d">1626-1679</subfield>
    </datafield>
    <datafield tag="548" ind1=" " ind2=" ">
      <subfield code="a">1626-1679</subfield>
      <subfield code="4">datl</subfield>
      <subfield code="4">https://d-nb.info/standards/elementset/gnd#dateOfBirthAndDeath</subfield>
      <subfield code="w">r</subfield>
      <subfield code="i">Lebensdaten</subfield>
    </datafield>
    <datafield tag="548" ind1=" " ind2=" ">
      <subfield code="a">24.06.1626-24.01.1679</subfield>
      <subfield code="4">datx</subfield>
      <subfield code="4">https://d-nb.info/standards/elementset/gnd#dateOfBirthAndDeath</subfield>
      <subfield code="w">r</subfield>
      <subfield code="i">Exakte Lebensdaten</subfield>
    </datafield>
    <datafield tag="550" ind1=" " ind2=" ">
      <subfield code="a">Fürst</subfield>
      <subfield code="4">adel</subfield>
      <subfield code="4">https://d-nb.info/standards/elementset/gnd#titleOfNobility</subfield>
      <subfield code="w">r</subfield>
      <subfield code="i">Adelstitel</subfield>
    </datafield>
    <datafield tag="550" ind1=" " ind2=" ">
      <subfield code="0">(DE-101)040004643</subfield>
      <subfield code="0">(DE-588)4000464-8</subfield>
      <subfield code="0">https://d-nb.info/gnd/4000464-8</subfield>
      <subfield code="a">Adel</subfield>
      <subfield code="4">berc</subfield>
      <subfield code="4">https://d-nb.info/standards/elementset/gnd#professionOrOccupation</subfield>
      <subfield code="w">r</subfield>
      <subfield code="i">Charakteristischer Beruf</subfield>
    </datafield>
    <datafield tag="550" ind1=" " ind2=" ">
      <subfield code="0">(DE-101)041556038</subfield>
      <subfield code="0">(DE-588)4155603-3</subfield>
      <subfield code="0">https://d-nb.info/gnd/4155603-3</subfield>
      <subfield code="a">Fürst</subfield>
      <subfield code="4">beru</subfield>
      <subfield code="4">https://d-nb.info/standards/elementset/gnd#professionOrOccupation</subfield>
      <subfield code="w">r</subfield>
      <subfield code="i">Beruf</subfield>
    </datafield>
    <datafield tag="550" ind1=" " ind2=" ">
      <subfield code="0">(DE-101)040217787</subfield>
      <subfield code="0">(DE-588)4021778-4</subfield>
      <subfield code="0">https://d-nb.info/gnd/4021778-4</subfield>
      <subfield code="a">Graf</subfield>
      <subfield code="4">beru</subfield>
      <subfield code="4">https://d-nb.info/standards/elementset/gnd#professionOrOccupation</subfield>
      <subfield code="w">r</subfield>
      <subfield code="i">Beruf</subfield>
    </datafield>
    <datafield tag="551" ind1=" " ind2=" ">
      <subfield code="0">(DE-101)040227588</subfield>
      <subfield code="0">(DE-588)4022758-3</subfield>
      <subfield code="0">https://d-nb.info/gnd/4022758-3</subfield>
      <subfield code="a">Hadamar</subfield>
      <subfield code="4">ortg</subfield>
      <subfield code="4">https://d-nb.info/standards/elementset/gnd#placeOfBirth</subfield>
      <subfield code="w">r</subfield>
      <subfield code="i">Geburtsort</subfield>
    </datafield>
    <datafield tag="551" ind1=" " ind2=" ">
      <subfield code="0">(DE-101)040227588</subfield>
      <subfield code="0">(DE-588)4022758-3</subfield>
      <subfield code="0">https://d-nb.info/gnd/4022758-3</subfield>
      <subfield code="a">Hadamar</subfield>
      <subfield code="4">orts</subfield>
      <subfield code="4">https://d-nb.info/standards/elementset/gnd#placeOfDeath</subfield>
      <subfield code="w">r</subfield>
      <subfield code="i">Sterbeort</subfield>
    </datafield>
    <datafield tag="667" ind1=" " ind2=" ">
      <subfield code="a">VD-17</subfield>
    </datafield>
    <datafield tag="670" ind1=" " ind2=" ">
      <subfield code="a">Europ. Stammtaf., 116;NDB/ADB-online;Acta Pacis Westphalicae;Internet</subfield>
    </datafield>
    <datafield tag="670" ind1=" " ind2=" ">
      <subfield code="a">Provenienzmerkmal</subfield>
      <subfield code="b">Autogramm</subfield>
      <subfield code="u">http://scans.hebis.de/HEBCGI/show.pl?29746343_aut-1.jpg</subfield>
    </datafield>
    <datafield tag="672" ind1=" " ind2="0">
      <subfield code="a">Emrich, Heinrich: Murus Aheneus Marmore Virtutum Solidus. - 1679</subfield>
    </datafield>
    <datafield tag="678" ind1=" " ind2=" ">
      <subfield code="b">Graf von Katzenelnbogen und Dietz, Sohn von Johann Ludwig von Nassau-Hadamar</subfield>
    </datafield>
    <datafield tag="913" ind1=" " ind2=" ">
      <subfield code="S">pnd</subfield>
      <subfield code="i">5</subfield>
      <subfield code="a">Moritz Heinrich &lt;Nassau-Hadamar, Fürst&gt;</subfield>
      <subfield code="0">(DE-588a)121164721</subfield>
    </datafield>
    <datafield tag="913" ind1=" " ind2=" ">
      <subfield code="S">pnd</subfield>
      <subfield code="i">a</subfield>
      <subfield code="a">Nassau-Hadamar, Moritz Heinrich /von</subfield>
      <subfield code="0">(DE-588a)173286216</subfield>
    </datafield>
  </record>
